% ------------------------------------------------------------------------
% BIBLIOGRAPHY FILE
% ------------------------------------------------------------------------


% ------------------------------------------------------------------------
%%% Books
@book{CLRS2009,
author = {Cormen, Thomas H. and Leiserson, Charles E. and Rivest, Ronald L. and Stein, Clifford},
title = {Introduction to Algorithms, Third Edition},
year = {2009},
isbn = {0262033844},
publisher = {The MIT Press},
edition = {3rd}
}

@book{Heineman2008,
author = {Heineman, George and Pollice, Gary and Selkow, Stanley},
title = {Algorithms in a Nutshell},
year = {2008},
isbn = {059651624X},
publisher = {O'Reilly Media, Inc.},
}

@book{Algorithms,
author = {Robert Sedgewick, Kevin Wayne},
title = {Algorithms: 4th Edition},
year = {2011},
isbn = {10: 0-321-57351-X},
publisher = {Addison-Wesley Professional},
}

% ------------------------------------------------------------------------
%%% Articles


